<record><leader>00000cas a22000007a 4500</leader><controlfield tag="001">11694637</controlfield><controlfield tag="008">850214d183418uumduwr ne      0    0eng d</controlfield><datafield ind1=" " ind2=" " tag="010"><subfield code="a">sn 85025360 </subfield></datafield><datafield ind1=" " ind2=" " tag="040"><subfield code="a">NPX</subfield><subfield code="b">eng</subfield><subfield code="c">NPX</subfield><subfield code="d">MFN</subfield><subfield code="d">OCLCQ</subfield></datafield><datafield ind1=" " ind2=" " tag="042"><subfield code="a">msc</subfield></datafield><datafield ind1="0" ind2="0" tag="245"><subfield code="a">Courier and enquirer.</subfield></datafield><datafield ind1="1" ind2="3" tag="246"><subfield code="a">Courier &amp; enquirer</subfield></datafield><datafield ind1=" " ind2=" " tag="260"><subfield code="a">Hagers-Town [Md.] :</subfield><subfield code="b">F.G.W Kapp</subfield></datafield><datafield ind1=" " ind2=" " tag="300"><subfield code="a">v.</subfield></datafield><datafield ind1=" " ind2=" " tag="310"><subfield code="a">Weekly</subfield></datafield><datafield ind1="1" ind2=" " tag="362"><subfield code="a">Began in 1834.</subfield></datafield><datafield ind1=" " ind2=" " tag="588"><subfield code="a">Description based on: Vol. 1, no. 30 (Dec. 17, 1834).</subfield></datafield><datafield ind1=" " ind2=" " tag="752"><subfield code="a">United States</subfield><subfield code="b">Maryland</subfield><subfield code="c">Washington</subfield><subfield code="d">Hagerstown.</subfield></datafield></record>